<record><leader>00000cas a2200000 a 4500</leader><controlfield tag="001">32887725</controlfield><controlfield tag="008">950728d19331942cauwn ne      0    0eng c</controlfield><datafield ind1=" " ind2=" " tag="010"><subfield code="a">sn 95061131 </subfield></datafield><datafield ind1=" " ind2=" " tag="040"><subfield code="a">CNK</subfield><subfield code="b">eng</subfield><subfield code="c">CNK</subfield><subfield code="d">OCLCQ</subfield><subfield code="d">OCLCF</subfield><subfield code="d">OCLCO</subfield></datafield><datafield ind1="1" ind2=" " tag="029"><subfield code="a">AU@</subfield><subfield code="b">000011868826</subfield></datafield><datafield ind1=" " ind2=" " tag="042"><subfield code="a">pcc</subfield></datafield><datafield ind1=" " ind2=" " tag="043"><subfield code="a">n-us-ca</subfield></datafield><datafield ind1="0" ind2="0" tag="245"><subfield code="a">Palm Springs news.</subfield></datafield><datafield ind1=" " ind2=" " tag="260"><subfield code="a">Palm Springs, Calif. :</subfield><subfield code="b">Palm Springs News Co.</subfield></datafield><datafield ind1=" " ind2=" " tag="300"><subfield code="a">v.</subfield></datafield><datafield ind1=" " ind2=" " tag="310"><subfield code="a">Weekly (except during the summer)</subfield></datafield><datafield ind1="1" ind2=" " tag="362"><subfield code="a">Began in 1933; ceased in 1942.</subfield></datafield><datafield ind1=" " ind2=" " tag="515"><subfield code="a">Vol. and numbering designations begin with &lt;v. 1, no. 4, Jan. 4-11, 1934&gt;</subfield></datafield><datafield ind1=" " ind2=" " tag="515"><subfield code="a">Publication suspended during summer months, 1934-1942.</subfield></datafield><datafield ind1=" " ind2=" " tag="588"><subfield code="a">Description based on: [vol. 1, no. 2] (Dec. 21, 1933).</subfield></datafield><datafield ind1=" " ind2="0" tag="651"><subfield code="a">Palm Springs (Calif.)</subfield><subfield code="v">Newspapers.</subfield></datafield><datafield ind1=" " ind2="7" tag="655"><subfield code="a">Newspapers.</subfield><subfield code="2">fast</subfield><subfield code="0">(OCoLC)fst01423814</subfield></datafield><datafield ind1=" " ind2="7" tag="651"><subfield code="a">California</subfield><subfield code="z">Palm Springs.</subfield><subfield code="2">fast</subfield><subfield code="0">(OCoLC)fst01208038</subfield></datafield><datafield ind1=" " ind2=" " tag="752"><subfield code="a">United States</subfield><subfield code="b">California</subfield><subfield code="c">Riverside</subfield><subfield code="d">Palm Springs.</subfield></datafield><datafield ind1="0" ind2="7" tag="785"><subfield code="t">Palm Springs limelight</subfield><subfield code="w">(DLC)sn 92060515</subfield></datafield><datafield ind1="0" ind2="7" tag="785"><subfield code="t">Palm Springs limelight-news</subfield><subfield code="w">(DLC)sn 95061136</subfield></datafield></record>